<record><leader>00000cas a22000007a 4500</leader><controlfield tag="001">8833461</controlfield><controlfield tag="008">821005d18211839gaudn ne      0    0eng  </controlfield><datafield ind1=" " ind2=" " tag="010"><subfield code="a">sn 82015136 </subfield></datafield><datafield ind1=" " ind2=" " tag="040"><subfield code="a">DLC</subfield><subfield code="b">eng</subfield><subfield code="c">DLC</subfield><subfield code="d">NYG</subfield><subfield code="d">NPY</subfield><subfield code="d">NPX</subfield><subfield code="d">DLC</subfield><subfield code="d">CNW</subfield><subfield code="d">OCL</subfield><subfield code="d">OCLCQ</subfield><subfield code="d">OCLCF</subfield><subfield code="d">OCLCO</subfield></datafield><datafield ind1=" " ind2=" " tag="042"><subfield code="a">msc</subfield></datafield><datafield ind1=" " ind2=" " tag="043"><subfield code="a">n-us-ga</subfield></datafield><datafield ind1="0" ind2=" " tag="130"><subfield code="a">Savannah republican (Savannah, Ga. : 1821)</subfield></datafield><datafield ind1="1" ind2="0" tag="245"><subfield code="a">Savannah republican.</subfield></datafield><datafield ind1="1" ind2="3" tag="246"><subfield code="a">Savannah daily republican</subfield><subfield code="f">&lt;May 7, 1822&gt;</subfield></datafield><datafield ind1="1" ind2="3" tag="246"><subfield code="a">Daily Savannah republican</subfield><subfield code="f">&lt;Mar. 6, 1830&gt;, &lt;June 5, Oct. 14, 1833&gt;, &lt;May 23, 1835&gt;</subfield></datafield><datafield ind1=" " ind2=" " tag="260"><subfield code="a">Savannah, Ga. :</subfield><subfield code="b">Frederick S. Fell,</subfield><subfield code="c">-1839.</subfield></datafield><datafield ind1=" " ind2=" " tag="300"><subfield code="a">v. ;</subfield><subfield code="c">55 cm.</subfield></datafield><datafield ind1=" " ind2=" " tag="310"><subfield code="a">Daily (except Sun.)</subfield></datafield><datafield ind1="0" ind2=" " tag="362"><subfield code="a">-v. 36, no. 215 (Nov. 2, 1839).</subfield></datafield><datafield ind1="1" ind2=" " tag="362"><subfield code="a">Began in 1821.</subfield></datafield><datafield ind1=" " ind2=" " tag="500"><subfield code="a">Published as: Savannah daily republican, &lt;May 7, 1822&gt;.</subfield></datafield><datafield ind1=" " ind2=" " tag="500"><subfield code="a">Published as: Daily Savannah republican, &lt;Mar. 6, 1830&gt;, &lt;June 5, Oct. 14, 1833&gt;, &lt;May 23, 1835&gt;.</subfield></datafield><datafield ind1=" " ind2=" " tag="500"><subfield code="a">Publishers: Frederick S. Fell, &lt;1822&gt;-1831; Emanuel de la Motta, &lt;1834-1835&gt;.</subfield></datafield><datafield ind1=" " ind2=" " tag="588"><subfield code="a">Description based on: July 3, 1821.</subfield></datafield><datafield ind1=" " ind2="0" tag="651"><subfield code="a">Savannah (Ga.)</subfield><subfield code="v">Newspapers.</subfield></datafield><datafield ind1=" " ind2="7" tag="655"><subfield code="a">Newspapers.</subfield><subfield code="2">fast</subfield><subfield code="0">(OCoLC)fst01423814</subfield></datafield><datafield ind1=" " ind2="7" tag="651"><subfield code="a">Georgia</subfield><subfield code="z">Savannah.</subfield><subfield code="2">fast</subfield><subfield code="0">(OCoLC)fst01207319</subfield></datafield><datafield ind1=" " ind2=" " tag="752"><subfield code="a">United States</subfield><subfield code="b">Georgia</subfield><subfield code="c">Chatham</subfield><subfield code="d">Savannah.</subfield></datafield><datafield ind1="0" ind2=" " tag="775"><subfield code="t">Savannah republican (Savannah, Ga. : 1817 : Triweekly)</subfield><subfield code="w">(DLC)sn 86053276</subfield></datafield><datafield ind1="0" ind2="0" tag="780"><subfield code="t">Savannah daily republican (Savannah, Ga. : 1820)</subfield><subfield code="w">(DLC)sn 82015702</subfield></datafield><datafield ind1="0" ind2="0" tag="785"><subfield code="t">Daily republican (Savannah, Ga. : 1839)</subfield><subfield code="w">(DLC)sn 82014392</subfield></datafield></record>